<?xml version="1.0" encoding="UTF-8"?><collection xmlns="http://www.loc.gov/MARC21/slim"><record><leader>00512nam--2200181-i-4500</leader><controlfield tag="001">000006954</controlfield><controlfield tag="002">20161230</controlfield><controlfield tag="005">20161230201027</controlfield><controlfield tag="008">060222s1000------------r-----000-0-fre-d</controlfield><datafield ind1=" " ind2=" " tag="040"><subfield code="a">IFIN-HH</subfield></datafield><datafield ind1=" " ind2=" " tag="041"><subfield code="a">fre</subfield></datafield><datafield ind1=" " ind2=" " tag="080"><subfield code="a">539.184.26</subfield></datafield><datafield ind1=" " ind2=" " tag="100"><subfield code="a">Blandin, Andre</subfield></datafield><datafield ind1=" " ind2=" " tag="245"><subfield code="a">Resonance magnetique sur des atomes de coesium orientes optiquement</subfield><subfield code="b">These</subfield><subfield code="c">Andre bladin</subfield></datafield><datafield ind1=" " ind2=" " tag="260"><subfield code="a">Paris</subfield><subfield code="b">Faculte Des Sciences</subfield><subfield code="c">1959</subfield></datafield><datafield ind1=" " ind2=" " tag="300"><subfield code="a">23 P. FOTOCOPIATE</subfield></datafield><datafield ind1=" " ind2=" " tag="852"><subfield code="a">20211</subfield><subfield code="c">539.143.43</subfield></datafield><datafield ind1=" " ind2=" " tag="CAT"><subfield code="a">Sys</subfield><subfield code="c">20120419</subfield><subfield code="h">132116</subfield></datafield></record></collection>